@misc{tensorflow2015-whitepaper,
title="{TensorFlow}: Large-Scale Machine Learning on Heterogeneous Systems",
url="http://tensorflow.org/",
note="Software available from tensorflow.org",
author="Mart\'{\i}n~Abadi et al.",
  year="2015"
}

@article{DiscoHiggsCMS,
      author         = "Serguei Chatrchyan et al. {(CMS Collaboration)}",
      title          = "{Observation of a new boson at a mass of 125 GeV with the
                        CMS experiment at the LHC}",
      collaboration  = "CMS",
      journal        = "Phys. Lett.",
      volume         = "B716",
      year           = "2012",
      pages          = "30-61",
      doi            = "10.1016/j.physletb.2012.08.021",
      eprint         = "1207.7235",
      archivePrefix  = "arXiv",
      primaryClass   = "hep-ex",
      reportNumber   = "CMS-HIG-12-028, CERN-PH-EP-2012-220",
      SLACcitation   = "%%CITATION = ARXIV:1207.7235;%%"
}

@article{DiscoHiggsATLAS,
      author         = "Georges Aad et al. {(ATLAS Collaboration)}",
      title          = "{Observation of a new particle in the search for the
                        Standard Model Higgs boson with the ATLAS detector at the
                        LHC}",
      collaboration  = "ATLAS",
      journal        = "Phys. Lett.",
      volume         = "B716",
      year           = "2012",
      pages          = "1-29",
      doi            = "10.1016/j.physletb.2012.08.020",
      eprint         = "1207.7214",
      archivePrefix  = "arXiv",
      primaryClass   = "hep-ex",
      reportNumber   = "CERN-PH-EP-2012-218",
      SLACcitation   = "%%CITATION = ARXIV:1207.7214;%%"
}

@article{RSG1,
      author         = "Randall, Lisa and Sundrum, Raman",
      title          = "{A Large mass hierarchy from a small extra dimension}",
      journal        = "Phys. Rev. Lett.",
      volume         = "83",
      year           = "1999",
      pages          = "3370-3373",
      doi            = "10.1103/PhysRevLett.83.3370",
      eprint         = "hep-ph/9905221",
      archivePrefix  = "arXiv",
      primaryClass   = "hep-ph",
      reportNumber   = "MIT-CTP-2860, PUPT-1860, BUHEP-99-9",
      SLACcitation   = "%%CITATION = HEP-PH/9905221;%%"
}

@article{RSG2,
      author         = "Randall, Lisa and Sundrum, Raman",
      title          = "{An Alternative to compactification}",
      journal        = "Phys. Rev. Lett.",
      volume         = "83",
      year           = "1999",
      pages          = "4690-4693",
      doi            = "10.1103/PhysRevLett.83.4690",
      eprint         = "hep-th/9906064",
      archivePrefix  = "arXiv",
      primaryClass   = "hep-th",
      reportNumber   = "MIT-CTP-2874, PUPT-1867, BUHEP-99-13",
      SLACcitation   = "%%CITATION = HEP-TH/9906064;%%"
}

@article{ATLASHHbbtt,
  title = "Searches for Higgs boson pair production in the $hh\ensuremath{\rightarrow}bb\ensuremath{\tau}\ensuremath{\tau}$, $\ensuremath{\gamma}\ensuremath{\gamma}W{W}^{*}$, $\ensuremath{\gamma}\ensuremath{\gamma}bb$, $bbbb$ channels with the ATLAS detector",
  author = "Georges Aad et al. {(ATLAS Collaboration)}",
  collaboration = "ATLAS Collaboration",
  journal = "Phys. Rev. D",
  volume = "92",
  issue = "9",
  pages = "092004",
  numpages = "30",
  year = "2015",
  month = "Nov",
  publisher = "American Physical Society",
  doi = "10.1103/PhysRevD.92.092004",
  url = "http://link.aps.org/doi/10.1103/PhysRevD.92.092004"
}

@article{Rosenblatt,
    author = "F. Rosenblatt",
    title = {The Perceptron: A Probabilistic Model for Information Storage and Organization in The Brain},
    journal = {Psychological Review},
    year = {1958},
    pages = {65--386}
}

@article{Teodorescu,
      author        = "Teodorescu, Liliana",
      title         = "{Artificial neural networks in high-energy physics}",
      year          = "2008",
      url           = "http://cds.cern.ch/record/1100521",
}

@article{Kolanoski,
      author       = "Kolanoski, Hermann",
      title        = "{Application of artificial neural networks in particle physics}",
      year         = "1995",
      doi          = "10.1016/0168-9002(95)00743-1",
      url          = "https://pdfs.semanticscholar.org/8da9/68cfb8e41331a7385b3367c464e5706e0111.pdf"
}

@ARTICLE{Pogwizd,
   author = {{Pogwizd}, M. and {Elgass}, L.~J. and {Bhat}, P.~C.},
    title = "{Bayesian Learning of Neural Networks for Signal/Background Discrimination in Particle Physics}",
  journal = {ArXiv e-prints},
archivePrefix = "arXiv",
   eprint = {0707.0930},
 primaryClass = "physics.data-an",
 keywords = {Physics - Data Analysis, Statistics and Probability},
     year = 2007,
    month = jul,
   adsurl = {http://adsabs.harvard.edu/abs/2007arXiv0707.0930P},
  adsnote = {Provided by the SAO/NASA Astrophysics Data System}
}

@article{Baldi_1,
      author         = "Baldi, Pierre and Sadowski, Peter and Whiteson, Daniel",
      title          = "{Enhanced Higgs Boson to $\tau^+\tau^-$ Search with Deep
                        Learning}",
      journal        = "Phys. Rev. Lett.",
      volume         = "114",
      year           = "2015",
      number         = "11",
      pages          = "111801",
      doi            = "10.1103/PhysRevLett.114.111801",
      eprint         = "1410.3469",
      archivePrefix  = "arXiv",
      primaryClass   = "hep-ph",
      SLACcitation   = "%%CITATION = ARXIV:1410.3469;%%"
}

@article{Baldi_2,
      author         = "Baldi, Pierre and Sadowski, Peter and Whiteson, Daniel",
      title          = "{Searching for Exotic Particles in High-Energy Physics
                        with Deep Learning}",
      journal        = "Nature Commun.",
      volume         = "5",
      year           = "2014",
      pages          = "4308",
      doi            = "10.1038/ncomms5308",
      eprint         = "1402.4735",
      archivePrefix  = "arXiv",
      primaryClass   = "hep-ph",
      SLACcitation   = "%%CITATION = ARXIV:1402.4735;%%"
}

@ARTICLE{TMVA,
   author = "A. Hoecker et al.",
    title = "{TMVA - Toolkit for Multivariate Data Analysis}",
  journal = {ArXiv Physics e-prints},
   eprint = {physics/0703039},
 keywords = {Physics - Data Analysis, Statistics and Probability},
     year = 2007,
    month = mar,
   adsurl = {http://adsabs.harvard.edu/abs/2007physics...3039H},
  adsnote = {Provided by the SAO/NASA Astrophysics Data System}
}

@article{ATLAS,
  author = "Georges Aad et al. {(ATLAS Collaboration)}",
  title  = {The ATLAS Experiment at the CERN Large Hadron Collider},
  journal= {Journal of Instrumentation},
  volume = {3},
  number = {08},
  pages  = {S08003},
  url={http://stacks.iop.org/1748-0221/3/i=08/a=S08003},
  year={2008},
  abstract={The ATLAS detector as installed in its experimental cavern at point 1 at CERN is described in this paper. A brief overview of the expected performance of the detector when the Large Hadron Collider begins operation is also presented.}
}

@book{PRML,
 author = {Bishop, Christopher M.},
 title = {Pattern Recognition and Machine Learning (Information Science and Statistics)},
 year = {2006},
 isbn = {0387310738},
 publisher = {Springer-Verlag New York, Inc.},
 address = {Secaucus, NJ, USA},
}

@article {Fisher,
author = {FISHER, R. A.},
title = {THE USE OF MULTIPLE MEASUREMENTS IN TAXONOMIC PROBLEMS},
journal = {Annals of Eugenics},
volume = {7},
number = {2},
publisher = {Blackwell Publishing Ltd},
issn = {2050-1439},
url = {http://dx.doi.org/10.1111/j.1469-1809.1936.tb02137.x},
doi = {10.1111/j.1469-1809.1936.tb02137.x},
pages = {179--188},
year = {1936},
}

@inproceedings{XEntropySimard,
author = {Patrice Y. Simard, Dave Steinkraus, John Platt},
title = {Best Practices for Convolutional Neural Networks Applied to Visual Document Analysis},
booktitle = {},
year = {2003},
month = {August},
abstract = {

Neural networks are a powerful technology for classification of visual inputs arising from documents. However, there is a confusing plethora of different neural network methods that are used in the literature and in industry. This paper describes a set of concrete best practices that document analysis researchers can use to get good results with neural networks. The most important practice is getting a training set as large as possible: we expand the training set by adding a new form of distorted data. The next most important practice is that convolutional neural networks are better suited for visual document tasks than fully connected networks. We propose that a simple “do-it-yourself” implementation of convolution with a flexible architecture is suitable for many visual document problems. This simple convolutional neural network does not require complex methods, such as momentum, weight decay, structure dependent learning rates, averaging layers, tangent prop, or even finely-tuning the architecture. The end result is a very simple yet general architecture which can yield state-of-the-art performance for document analysis. We illustrate our claims on the MNIST set of English digit images.


},
publisher = {Institute of Electrical and Electronics Engineers, Inc.},
url = {https://www.microsoft.com/en-us/research/publication/best-practices-for-convolutional-neural-networks-applied-to-visual-document-analysis/},
address = {},
pages = {},
journal = {},
volume = {},
chapter = {},
isbn = {},
}

@article{2HDM,
      author         = "Branco, G. C. and Ferreira, P. M. and Lavoura, L. and
                        Rebelo, M. N. and Sher, Marc and Silva, Joao P.",
      title          = "{Theory and phenomenology of two-Higgs-doublet models}",
      journal        = "Phys. Rept.",
      volume         = "516",
      year           = "2012",
      pages          = "1-102",
      doi            = "10.1016/j.physrep.2012.02.002",
      eprint         = "1106.0034",
      archivePrefix  = "arXiv",
      primaryClass   = "hep-ph",
      SLACcitation   = "%%CITATION = ARXIV:1106.0034;%%"
}

@article{XGBoost,
  author    = {Tianqi Chen and
               Carlos Guestrin},
  title     = {X{G}{B}oost: {A} Scalable Tree Boosting System},
  journal   = {CoRR},
  volume    = {abs/1603.02754},
  year      = {2016},
  url       = {http://arxiv.org/abs/1603.02754},
  timestamp = {Sat, 02 Apr 2016 11:49:48 +0200},
  biburl    = {http://dblp.uni-trier.de/rec/bib/journals/corr/ChenG16},
  bibsource = {dblp computer science bibliography, http://dblp.org}
}

@article{BDTvsNN,
      author         = "Roe, Byron P. and Yang, Hai-Jun and Zhu, Ji and Liu, Yong
                        and Stancu, Ion and McGregor, Gordon",
      title          = "{Boosted decision trees, an alternative to artificial
                        neural networks}",
      journal        = "Nucl. Instrum. Meth.",
      volume         = "A543",
      year           = "2005",
      number         = "2-3",
      pages          = "577-584",
      doi            = "10.1016/j.nima.2004.12.018",
      eprint         = "physics/0408124",
      archivePrefix  = "arXiv",
      primaryClass   = "physics",
      SLACcitation   = "%%CITATION = PHYSICS/0408124;%%"
}

@article{BDTvsNN2,
title = "A comparison between neural networks and decision trees based on data from industrial radiographic testing ",
journal = "Pattern Recognition Letters ",
volume = "22",
number = "1",
pages = "47 - 54",
year = "2001",
note = "Machine Learning and Data Mining in Pattern Recognition ",
issn = "0167-8655",
doi = "http://dx.doi.org/10.1016/S0167-8655(00)00098-2",
url = "http://www.sciencedirect.com/science/article/pii/S0167865500000982",
author = "Petra Perner and Uwe Zscherpel and Carsten Jacobsen",
keywords = "Machine learning",
keywords = "Decision tree induction",
keywords = "Neural networks",
keywords = "Performance analysis",
keywords = "Radiographic testing",
keywords = "Pipe inspection "
}

@MANUAL{numpy, 
   author       = {Ascher, David and Paul F. Dubois and Konrad Hinsen and James Hugunin and Travis Oliphant}, 
   year         = 1999, 
   title        = {Numerical Python}, 
   edition      = {UCRL-MA-128569}, 
   address      = {Livermore, CA}, 
   organization = {Lawrence Livermore National Laboratory}, 
   keywords = {numpy} 
} 

@article{CMShhbbtt,
      author         = "CMS Collaboration",
      title          = "{Search for resonant Higgs boson pair production in the
                        $\mathrm{b\overline{b}}\tau^+\tau^-$ final state using
                        2016 data}",
      collaboration  = "CMS",
      year           = "2016",
      reportNumber   = "CMS-PAS-HIG-16-029",
      SLACcitation   = "%%CITATION = CMS-PAS-HIG-16-029;%%"
}

@article{GDOverview,
  author    = {Sebastian Ruder},
  title     = {An overview of gradient descent optimization algorithms},
  journal   = {CoRR},
  volume    = {abs/1609.04747},
  year      = {2016},
  url       = {http://arxiv.org/abs/1609.04747},
  timestamp = {Mon, 03 Oct 2016 17:51:10 +0200},
  biburl    = {http://dblp.uni-trier.de/rec/bib/journals/corr/Ruder16},
  bibsource = {dblp computer science bibliography, http://dblp.org}
}

@article{ADAMOpt,
  author    = {Diederik P. Kingma and
               Jimmy Ba},
  title     = {Adam: {A} Method for Stochastic Optimization},
  journal   = {CoRR},
  volume    = {abs/1412.6980},
  year      = {2014},
  url       = {http://arxiv.org/abs/1412.6980},
  timestamp = {Thu, 01 Jan 2015 19:51:08 +0100},
  biburl    = {http://dblp.uni-trier.de/rec/bib/journals/corr/KingmaB14},
  bibsource = {dblp computer science bibliography, http://dblp.org}
}

@article{MacKayThesis,
  author = {David MacKay},
  title = {Bayesian Methods for Adaptive Models},
  year = {1991}
}

@article{UniApprox,
title = "Approximation capabilities of multilayer feedforward networks ",
journal = "Neural Networks ",
volume = "4",
number = "2",
pages = "251 - 257",
year = "1991",
note = "",
issn = "0893-6080",
doi = "http://dx.doi.org/10.1016/0893-6080(91)90009-T",
url = "http://www.sciencedirect.com/science/article/pii/089360809190009T",
author = "Kurt Hornik",
keywords = "Multilayer feedforward networks",
keywords = "Activation function",
keywords = "Universal approximation capabilities",
keywords = "Input environment measure",
keywords = "Lp(μ) approximation",
keywords = "Uniform approximation",
keywords = "Sobolev spaces",
keywords = "Smooth approximation "
}

@article{PDG,
      author         = "Patrignani, C. and others",
      title          = "{Review of Particle Physics}",
      collaboration  = "Particle Data Group",
      journal        = "Chin. Phys.",
      volume         = "C40",
      year           = "2016",
      number         = "10",
      pages          = "100001",
      doi            = "10.1088/1674-1137/40/10/100001",
      SLACcitation   = "%%CITATION = CHPHD,C40,100001;%%"
}

@article{MMC,
      author         = "Elagin, A. and Murat, P. and Pranko, A. and Safonov, A.",
      title          = "{A New Mass Reconstruction Technique for Resonances
                        Decaying to di-tau}",
      journal        = "Nucl. Instrum. Meth.",
      volume         = "A654",
      year           = "2011",
      pages          = "481-489",
      doi            = "10.1016/j.nima.2011.07.009",
      eprint         = "1012.4686",
      archivePrefix  = "arXiv",
      primaryClass   = "hep-ex",
      reportNumber   = "FERMILAB-PUB-11-918-PPD",
      SLACcitation   = "%%CITATION = ARXIV:1012.4686;%%"
}

@incollection{LeCunAct,
  title={Efficient backprop},
  author={LeCun, Yann A and Bottou, L{\'e}on and Orr, Genevieve B and M{\"u}ller, Klaus-Robert},
  booktitle={Neural networks: Tricks of the trade},
  pages={9--48},
  year={2012},
  publisher={Springer}
}

@article{optilayer,
  title={Optimal depth neural networks for multiplication and related problems},
  author={Siu, Kai-Yeung and Roychowdhury, Vwani},
  journal={Advances in Neural Information Processing Systems},
  pages={59--59},
  year={1993},
  publisher={Morgan Kaufmann Publishers}
}

@article{Hinton,
 author = {Srivastava, Nitish and Hinton, Geoffrey and Krizhevsky, Alex and Sutskever, Ilya and Salakhutdinov, Ruslan},
 title = {Dropout: A Simple Way to Prevent Neural Networks from Overfitting},
 journal = {J. Mach. Learn. Res.},
 issue_date = {January 2014},
 volume = {15},
 number = {1},
 month = jan,
 year = {2014},
 issn = {1532-4435},
 pages = {1929--1958},
 numpages = {30},
 url = {http://dl.acm.org/citation.cfm?id=2627435.2670313},
 acmid = {2670313},
 publisher = {JMLR.org},
 keywords = {deep learning, model combination, neural networks, regularization},
} 

@inproceedings{ROOT,
  added-at = {2007-09-22T20:12:41.000+0200},
  author = {Brun, Rene and Rademakers, Fons},
  biburl = {http://www.bibsonomy.org/bibtex/23e8ec28f6af6603af750bf9f3160abaf/stuartw},
  booktitle = {AIHENP'96 Workshop, Lausane},
  citeulike-article-id = {363715},
  date-added = {2006-11-01 13:16:32 +0000},
  date-modified = {2007-03-26 15:09:52 +0100},
  howpublished = {http://root.cern.ch/},
  interhash = {0c0662965bb1c7f9dfc33ed734d3dcce},
  intrahash = {3e8ec28f6af6603af750bf9f3160abaf},
  journal = {Nucl. Inst. \& Meth. in Phys. Res. A},
  keywords = {computing},
  pages = {81--86},
  priority = {0},
  timestamp = {2007-09-22T20:12:44.000+0200},
  title = {ROOT - An Object Oriented Data Analysis Framework},
  volume = 389,
  year = 1996
}

@unpublished{LHC-acc-fig,
      author        = "Christiane Lefèvre",
      title         = "{The CERN accelerator complex. Complexe des
                       accélérateurs du CERN}",
      month         = "Dec",
      year          = "2008",
      reportNumber  = "CERN-DI-0812015",
      url           = "https://cds.cern.ch/record/1260465",
}

@book{LHC-dr,
      author        = "Brüning, Oliver Sim and Collier, Paul and Lebrun, P and
                       Myers, Stephen and Ostojic, Ranko and Poole, John and
                       Proudlock, Paul",
      title         = "{LHC Design Report}",
      publisher     = "CERN",
      address       = "Geneva",
      series        = "CERN Yellow Reports: Monographs",
      year          = "2004",
      url           = "https://cds.cern.ch/record/782076",
}

@unpublished{ATLAS-det-fig,
      author        = "Joao Pequenao",
      title         = "{Computer generated image of the whole ATLAS detector}",
      month         = "Mar",
      year          = "2008",
      reportNumber  = "CERN-GE-0803012",
      url           = "https://cds.cern.ch/record/1095924",
}

@unpublished{ATLAS-inner-det,
      author        = "Joao Pequenao",
      title         = "{Computer generated image of the ATLAS inner detector}",
      month         = "Mar",
      year          = "2008",
      reportNumber  = "CERN-GE-0803014",
      url           = "https://cds.cern.ch/record/1095926",
}

@unpublished{ATLAS-calo-fig,
      author        = "Joao Pequenao",
      title         = "{Computer Generated image of the ATLAS calorimeter}",
      month         = "Mar",
      year          = "2008",
      reportNumber  = "CERN-GE-0803015",
      url           = "https://cds.cern.ch/record/1095927",
}

@unpublished{ATLAS-muon-fig,
      author        = "Joao Pequenao",
      title         = "{Computer generated image of the ATLAS Muons subsystem}",
      month         = "Mar",
      year          = "2008",
      reportNumber  = "CERN-GE-0803017",
      url           = "https://cds.cern.ch/record/1095929",
}

@article{EWtests,
  title = {Tests of the standard electroweak model at the energy frontier},
  author = {Hobbs, John D. and Neubauer, Mark S. and Willenbrock, Scott},
  journal = {Rev. Mod. Phys.},
  volume = {84},
  issue = {4},
  pages = {1477--1526},
  numpages = {0},
  year = {2012},
  month = {Oct},
  publisher = {American Physical Society},
  doi = {10.1103/RevModPhys.84.1477},
  url = {https://link.aps.org/doi/10.1103/RevModPhys.84.1477}
}

@article{1998-SMtests,
      author         = "Nodulman, L.",
      title          = "{Experimental tests of the standard model}",
      booktitle      = "{Techniques and Concepts of High-Energy Physics:
                        Proceedings, 10th NATO Advanced Study Institute, St.
                        Croix, USA, June 18-29, 1998}",
      journal        = "NATO Sci. Ser. C",
      volume         = "534",
      year           = "1999",
      pages          = "147-193",
      doi            = "10.1007/978-94-011-4689-0_4",
      eprint         = "hep-ex/9810035",
      archivePrefix  = "arXiv",
      primaryClass   = "hep-ex",
      reportNumber   = "ANL-HEP-CP-98-129",
      SLACcitation   = "%%CITATION = HEP-EX/9810035;%%"
}

% --- Standard Model Anomolies ---

@article{anom-BD-branching,
      author         = "Aaij, Roel and others",
      title          = "{Measurement of the ratio of branching fractions
                        $\mathcal{B}(\bar{B}^0 \to
                        D^{*+}\tau^{-}\bar{\nu}_{\tau})/\mathcal{B}(\bar{B}^0 \to
                        D^{*+}\mu^{-}\bar{\nu}_{\mu})$}",
      collaboration  = "LHCb",
      journal        = "Phys. Rev. Lett.",
      volume         = "115",
      year           = "2015",
      number         = "11",
      pages          = "111803",
      doi            = "10.1103/PhysRevLett.115.159901,
                        10.1103/PhysRevLett.115.111803",
      note           = "[Erratum: Phys. Rev. Lett.115,no.15,159901(2015)]",
      eprint         = "1506.08614",
      archivePrefix  = "arXiv",
      primaryClass   = "hep-ex",
      reportNumber   = "CERN-PH-EP-2015-150, LHCB-PAPER-2015-025",
      SLACcitation   = "%%CITATION = ARXIV:1506.08614;%%"
}

@article{anom-Dtau-excess,
      author         = "Lees, J. P. and others",
      title          = "{Evidence for an excess of $\bar{B} \to D^{(*)}
                        \tau^-\bar{\nu}_\tau$ decays}",
      collaboration  = "BaBar",
      journal        = "Phys. Rev. Lett.",
      volume         = "109",
      year           = "2012",
      pages          = "101802",
      doi            = "10.1103/PhysRevLett.109.101802",
      eprint         = "1205.5442",
      archivePrefix  = "arXiv",
      primaryClass   = "hep-ex",
      reportNumber   = "BABAR-PUB-12-012, SLAC-PUB-15028",
      SLACcitation   = "%%CITATION = ARXIV:1205.5442;%%"
}

@article{anom-g-2,
      author         = "Blum, Thomas and Denig, Achim and Logashenko, Ivan and de
                        Rafael, Eduardo and Lee Roberts, B. and Teubner, Thomas
                        and Venanzoni, Graziano",
      title          = "{The Muon (g-2) Theory Value: Present and Future}",
      year           = "2013",
      eprint         = "1311.2198",
      archivePrefix  = "arXiv",
      primaryClass   = "hep-ph",
      SLACcitation   = "%%CITATION = ARXIV:1311.2198;%%"
}

@article{anom-proton-radius,
      author         = "Carlson, Carl E.",
      title          = "{The Proton Radius Puzzle}",
      journal        = "Prog. Part. Nucl. Phys.",
      volume         = "82",
      year           = "2015",
      pages          = "59-77",
      doi            = "10.1016/j.ppnp.2015.01.002",
      eprint         = "1502.05314",
      archivePrefix  = "arXiv",
      primaryClass   = "hep-ph",
      SLACcitation   = "%%CITATION = ARXIV:1502.05314;%%"
}

@article{anom-bsll-trans,
      author         = "Capdevila, Bernat and Crivellin, Andreas and
                        Descotes-Genon, Sébastien and Matias, Joaquim and Virto,
                        Javier",
      title          = "{Patterns of New Physics in $b\to s\ell^+\ell^-$
                        transitions in the light of recent data}",
      journal        = "JHEP",
      volume         = "01",
      year           = "2018",
      pages          = "093",
      doi            = "10.1007/JHEP01(2018)093",
      eprint         = "1704.05340",
      archivePrefix  = "arXiv",
      primaryClass   = "hep-ph",
      reportNumber   = "PSI-PR-17-05, LPT-ORSAY-17-19",
      SLACcitation   = "%%CITATION = ARXIV:1704.05340;%%"
}

% --- Dark matter evidence ---

@article{DM-ev-particle,
      author         = "Bertone, Gianfranco and Hooper, Dan and Silk, Joseph",
      title          = "{Particle dark matter: Evidence, candidates and
                        constraints}",
      journal        = "Phys. Rept.",
      volume         = "405",
      year           = "2005",
      pages          = "279-390",
      doi            = "10.1016/j.physrep.2004.08.031",
      eprint         = "hep-ph/0404175",
      archivePrefix  = "arXiv",
      primaryClass   = "hep-ph",
      reportNumber   = "FERMILAB-PUB-04-047-A",
      SLACcitation   = "%%CITATION = HEP-PH/0404175;%%"
}

%%% contains utf-8, see: https://inspirehep.net/info/faq/general#utf8
%%% add \usepackage[utf8]{inputenc} to your latex preamble

@article{DM-ev-nonbaryonic,
      author         = "Bergström, Lars",
      title          = "{Nonbaryonic dark matter: Observational evidence and
                        detection methods}",
      journal        = "Rept. Prog. Phys.",
      volume         = "63",
      year           = "2000",
      pages          = "793",
      doi            = "10.1088/0034-4885/63/5/2r3",
      eprint         = "hep-ph/0002126",
      archivePrefix  = "arXiv",
      primaryClass   = "hep-ph",
      SLACcitation   = "%%CITATION = HEP-PH/0002126;%%"
}

@ARTICLE{DM-ev-Zwicky,
   author = {{Zwicky}, F.},
    title = "{Republication of: The redshift of extragalactic nebulae}",
  journal = {General Relativity and Gravitation},
 keywords = {String cosmology, CMP},
     year = 2009,
    month = jan,
   volume = 41,
    pages = {207-224},
      doi = {10.1007/s10714-008-0707-4},
   adsurl = {http://adsabs.harvard.edu/abs/2009GReGr..41..207E},
  adsnote = {Provided by the SAO/NASA Astrophysics Data System}
}

@article{DM-ev-PDG,
      author         = "Patrignani, C. and others",
      title          = "{Review of Particle Physics}",
      collaboration  = "Particle Data Group",
      journal        = "Chin. Phys.",
      volume         = "C40",
      year           = "2016",
      number         = "10",
      pages          = "100001",
      doi            = "10.1088/1674-1137/40/10/100001",
      SLACcitation   = "%%CITATION = CHPHD,C40,100001;%%"
}

@article{DM-ev-candidates,
      author         = "Bergstrom, Lars",
      title          = "{Dark Matter Candidates}",
      journal        = "New J. Phys.",
      volume         = "11",
      year           = "2009",
      pages          = "105006",
      doi            = "10.1088/1367-2630/11/10/105006",
      eprint         = "0903.4849",
      archivePrefix  = "arXiv",
      primaryClass   = "hep-ph",
      SLACcitation   = "%%CITATION = ARXIV:0903.4849;%%"
}

@article{DM-ev-strong-lens,
      author         = "Tyson, J. Anthony and Kochanski, Greg P. and
                        Dell'Antonio, Ian P.",
      title          = "{Detailed mass map of CL0024+1654 from strong lensing}",
      journal        = "Astrophys. J.",
      volume         = "498",
      year           = "1998",
      pages          = "L107",
      doi            = "10.1086/311314",
      eprint         = "astro-ph/9801193",
      archivePrefix  = "arXiv",
      primaryClass   = "astro-ph",
      reportNumber   = "BELL-LABS-TM-970624-23",
      SLACcitation   = "%%CITATION = ASTRO-PH/9801193;%%"
}

@article{DM-ev-direct,
      author         = "Clowe, Douglas and Bradac, Marusa and Gonzalez, Anthony
                        H. and Markevitch, Maxim and Randall, Scott W. and Jones,
                        Christine and Zaritsky, Dennis",
      title          = "{A direct empirical proof of the existence of dark
                        matter}",
      journal        = "Astrophys. J.",
      volume         = "648",
      year           = "2006",
      pages          = "L109-L113",
      doi            = "10.1086/508162",
      eprint         = "astro-ph/0608407",
      archivePrefix  = "arXiv",
      primaryClass   = "astro-ph",
      reportNumber   = "SLAC-PUB-12078",
      SLACcitation   = "%%CITATION = ASTRO-PH/0608407;%%"
}

@article{DM-ev-scaffold,
      author         = "Massey, Richard and others",
      title          = "{Dark matter maps reveal cosmic scaffolding}",
      journal        = "Nature",
      volume         = "445",
      year           = "2007",
      pages          = "286",
      doi            = "10.1038/nature05497",
      eprint         = "astro-ph/0701594",
      archivePrefix  = "arXiv",
      primaryClass   = "astro-ph",
      SLACcitation   = "%%CITATION = ASTRO-PH/0701594;%%"
}

@article{DM-ev-supernova,
      author         = "Kowalski, M. and others",
      title          = "{Improved Cosmological Constraints from New, Old and
                        Combined Supernova Datasets}",
      collaboration  = "Supernova Cosmology Project",
      journal        = "Astrophys. J.",
      volume         = "686",
      year           = "2008",
      pages          = "749-778",
      doi            = "10.1086/589937",
      eprint         = "0804.4142",
      archivePrefix  = "arXiv",
      primaryClass   = "astro-ph",
      reportNumber   = "FERMILAB-PUB-08-671-A",
      SLACcitation   = "%%CITATION = ARXIV:0804.4142;%%"
}

@article{DM-ev-nucleosynth,
      author         = "Iocco, Fabio and Mangano, Gianpiero and Miele, Gennaro
                        and Pisanti, Ofelia and Serpico, Pasquale D.",
      title          = "{Primordial Nucleosynthesis: from precision cosmology to
                        fundamental physics}",
      journal        = "Phys. Rept.",
      volume         = "472",
      year           = "2009",
      pages          = "1-76",
      doi            = "10.1016/j.physrep.2009.02.002",
      eprint         = "0809.0631",
      archivePrefix  = "arXiv",
      primaryClass   = "astro-ph",
      reportNumber   = "DSF-20-2008, FERMILAB-PUB-08-216-A, IFIC-08-37",
      SLACcitation   = "%%CITATION = ARXIV:0809.0631;%%"
}

@article{DM-ev-sloan,
author = {Percival, Will J. and Cole, Shaun and Eisenstein, Daniel J. and Nichol, Robert C. and Peacock, John A. and Pope, Adrian C. and Szalay, Alexander S.},
title = {Measuring the Baryon Acoustic Oscillation scale using the Sloan Digital Sky Survey and 2dF Galaxy Redshift Survey},
journal = {Monthly Notices of the Royal Astronomical Society},
volume = {381},
number = {3},
pages = {1053-1066},
year = {2007},
doi = {10.1111/j.1365-2966.2007.12268.x},
URL = {http://dx.doi.org/10.1111/j.1365-2966.2007.12268.x},
eprint = {/oup/backfile/content_public/journal/mnras/381/3/10.1111/j.1365-2966.2007.12268.x/2/mnras0381-1053.pdf}
}

% ATLAS magnets

@article{ATLAS-magnets,
title = "The ATLAS superconducting magnet system at the Large Hadron Collider",
journal = "Physica C: Superconductivity",
volume = "468",
number = "15",
pages = "2137 - 2142",
year = "2008",
note = "Proceedings of the 20th International Symposium on Superconductivity (ISS 2007)",
issn = "0921-4534",
doi = "https://doi.org/10.1016/j.physc.2008.05.146",
url = "http://www.sciencedirect.com/science/article/pii/S0921453408004541",
author = "H.H.J. ten Kate",
keywords = "Superconducting magnets, High energy physics detectors, Toroid, Solenoid, NbTi"
}

% --- ATLAS TDR ---
@article{ATLAS-TDR-01,
      author         = "Airapetian, A. and others",
      title          = "{ATLAS: Detector and physics performance technical design
                        report. Volume 1}",
      collaboration  = "ATLAS",
      year           = "1999",
      reportNumber   = "CERN-LHCC-99-14, ATLAS-TDR-14",
      SLACcitation   = "%%CITATION = CERN-LHCC-99-14;%%"
}

@article{ATLAS-TDR-02,
      author         = "Airapetian, A. and others",
      title          = "{ATLAS: Detector and physics performance technical design
                        report. Volume 2}",
      collaboration  = "ATLAS",
      year           = "1999",
      reportNumber   = "CERN-LHCC-99-15, ATLAS-TDR-15",
      SLACcitation   = "%%CITATION = CERN-LHCC-99-15;%%"
}

% --- IBL TDR ---

@techreport{IBL-TDR,
      author        = "Capeans, M and Darbo, G and Einsweiller, K and Elsing, M
                       and Flick, T and Garcia-Sciveres, M and Gemme, C and
                       Pernegger, H and Rohne, O and Vuillermet, R",
      title         = "{ATLAS Insertable B-Layer Technical Design Report}",
      collaboration = "ATLAS Collaboration",
      number        = "CERN-LHCC-2010-013. ATLAS-TDR-19",
      month         = "Sep",
      year          = "2010",
      reportNumber  = "CERN-LHCC-2010-013",
      url           = "https://cds.cern.ch/record/1291633",
}

% --- Fermi-Dirac Statistics ---

@article {Dirac-stat,
	title = {On the theory of quantum mechanics},
	volume = {112},
	number = {762},
	pages = {661--677},
	year = {1926},
	doi = {10.1098/rspa.1926.0133},
	publisher = {The Royal Society},
	issn = {0950-1207},
	URL = {http://rspa.royalsocietypublishing.org/content/112/762/661},
	eprint = {http://rspa.royalsocietypublishing.org/content/112/762/661.full.pdf},
	journal = {Proceedings of the Royal Society of London A: Mathematical, Physical and Engineering Sciences}
}


@ARTICLE{Fermi-stat,
   author = {{Zannoni}, A.},
    title = "{On the Quantization of the Monoatomic Ideal Gas}",
  journal = {eprint arXiv:cond-mat/9912229},
   eprint = {cond-mat/9912229},
 keywords = {Statistical Mechanics},
     year = 1999,
    month = dec,
   adsurl = {http://adsabs.harvard.edu/abs/1999cond.mat.12229Z},
  adsnote = {Provided by the SAO/NASA Astrophysics Data System}
}

% --- Bose Einstein Statistics ---
@Book{Bose-Einstein,
 author = {{Borrelli}, A.},
  title = {Compendium of Quantum Physics},
chapter = {Bose—Einstein Statistics},
   year = {2009}
}

% --- Brout-Englert-Higgs References ---

@article{Brout-Englert,
  title = {Broken Symmetry and the Mass of Gauge Vector Mesons},
  author = {Englert, F. and Brout, R.},
  journal = {Phys. Rev. Lett.},
  volume = {13},
  issue = {9},
  pages = {321--323},
  numpages = {0},
  year = {1964},
  month = {Aug},
  publisher = {American Physical Society},
  doi = {10.1103/PhysRevLett.13.321},
  url = {https://link.aps.org/doi/10.1103/PhysRevLett.13.321}
}

@article{Higgs:1964,
  title = {Broken Symmetries and the Masses of Gauge Bosons},
  author = {Higgs, Peter W.},
  journal = {Phys. Rev. Lett.},
  volume = {13},
  issue = {16},
  pages = {508--509},
  numpages = {0},
  year = {1964},
  month = {Oct},
  publisher = {American Physical Society},
  doi = {10.1103/PhysRevLett.13.508},
  url = {https://link.aps.org/doi/10.1103/PhysRevLett.13.508}
}

@article{Kibble,
  title = {Global Conservation Laws and Massless Particles},
  author = {Guralnik, G. S. and Hagen, C. R. and Kibble, T. W. B.},
  journal = {Phys. Rev. Lett.},
  volume = {13},
  issue = {20},
  pages = {585--587},
  numpages = {0},
  year = {1964},
  month = {Nov},
  publisher = {American Physical Society},
  doi = {10.1103/PhysRevLett.13.585},
  url = {https://link.aps.org/doi/10.1103/PhysRevLett.13.585}
}

@article{Anderson,
  title = {Plasmons, Gauge Invariance, and Mass},
  author = {Anderson, P. W.},
  journal = {Phys. Rev.},
  volume = {130},
  issue = {1},
  pages = {439--442},
  numpages = {0},
  year = {1963},
  month = {Apr},
  publisher = {American Physical Society},
  doi = {10.1103/PhysRev.130.439},
  url = {https://link.aps.org/doi/10.1103/PhysRev.130.439}
}

% --- Electroweak ---
@article{Glashow:1959,
      author         = "Glashow, Sheldon L.",
      title          = "{The renormalizability of vector meson interactions}",
      journal        = "Nucl. Phys.",
      volume         = "10",
      year           = "1959",
      pages          = "107-117",
      doi            = "10.1016/0029-5582(59)90196-8",
      SLACcitation   = "%%CITATION = NUPHA,10,107;%%"
}

@article{Salam:1959,
      author         = "Salam, Abdus and Ward, John Clive",
      title          = "{Weak and electromagnetic interactions}",
      journal        = "Nuovo Cim.",
      volume         = "11",
      year           = "1959",
      pages          = "568-577",
      doi            = "10.1007/BF02726525",
      SLACcitation   = "%%CITATION = NUCIA,11,568;%%"
}

@article{Weinberg:1967,
      author         = "Weinberg, Steven",
      title          = "{A Model of Leptons}",
      journal        = "Phys. Rev. Lett.",
      volume         = "19",
      year           = "1967",
      pages          = "1264-1266",
      doi            = "10.1103/PhysRevLett.19.1264",
      SLACcitation   = "%%CITATION = PRLTA,19,1264;%%"
}

% --- CERN Yellow Report 4 ---
@article{CERN-yellow-4,
      author         = "de Florian, D. and others",
      title          = "{Handbook of LHC Higgs Cross Sections: 4. Deciphering the
                        Nature of the Higgs Sector}",
      collaboration  = "LHC Higgs Cross Section Working Group",
      doi            = "10.23731/CYRM-2017-002",
      year           = "2016",
      eprint         = "1610.07922",
      archivePrefix  = "arXiv",
      primaryClass   = "hep-ph",
      reportNumber   = "FERMILAB-FN-1025-T, CERN-2017-002-M",
      SLACcitation   = "%%CITATION = ARXIV:1610.07922;%%"
}

@techreport{ATLAS-CONF-2018-036,
      title         = "{Observation of $H \to b\bar{b}$ decays and $VH$
                       production with the ATLAS detector}",
      institution   = "CERN",
      collaboration = "ATLAS Collaboration",
      address       = "Geneva",
      number        = "ATLAS-CONF-2018-036",
      month         = "Jul",
      year          = "2018",
      reportNumber  = "ATLAS-CONF-2018-036",
      url           = "https://cds.cern.ch/record/2630338",
}

@article{Hbb2017:ATLAS,
      author         = "Aaboud, M. and others",
      title          = "{Evidence for the $ H\to b\overline{b} $ decay with the
                        ATLAS detector}",
      collaboration  = "ATLAS",
      journal        = "JHEP",
      volume         = "12",
      year           = "2017",
      pages          = "024",
      doi            = "10.1007/JHEP12(2017)024",
      eprint         = "1708.03299",
      archivePrefix  = "arXiv",
      primaryClass   = "hep-ex",
      reportNumber   = "CERN-EP-2017-175",
      SLACcitation   = "%%CITATION = ARXIV:1708.03299;%%"
}

@article{ATLAS:vertex-reco,
      author         = "Aaboud, Morad and others",
      title          = "{Reconstruction of primary vertices at the ATLAS
                        experiment in Run 1 proton–proton collisions at the
                        LHC}",
      collaboration  = "ATLAS",
      journal        = "Eur. Phys. J.",
      volume         = "C77",
      year           = "2017",
      number         = "5",
      pages          = "332",
      doi            = "10.1140/epjc/s10052-017-4887-5",
      eprint         = "1611.10235",
      archivePrefix  = "arXiv",
      primaryClass   = "physics.ins-det",
      reportNumber   = "CERN-EP-2016-150",
      SLACcitation   = "%%CITATION = ARXIV:1611.10235;%%"
}

@techreport{ATLAS:electron-reco:2016,
      title         = "{Electron efficiency measurements with the ATLAS detector
                       using the 2015 LHC proton-proton collision data}",
      institution   = "CERN",
      collaboration = "ATLAS Collaboration",
      address       = "Geneva",
      number        = "ATLAS-CONF-2016-024",
      month         = "Jun",
      year          = "2016",
      reportNumber  = "ATLAS-CONF-2016-024",
      url           = "https://cds.cern.ch/record/2157687",
}

@article{ATLAS:electron-reco:2012,
      author         = "Aaboud, Morad and others",
      title          = "{Electron efficiency measurements with the ATLAS detector
                        using 2012 LHC proton–proton collision data}",
      collaboration  = "ATLAS",
      journal        = "Eur. Phys. J.",
      volume         = "C77",
      year           = "2017",
      number         = "3",
      pages          = "195",
      doi            = "10.1140/epjc/s10052-017-4756-2",
      eprint         = "1612.01456",
      archivePrefix  = "arXiv",
      primaryClass   = "hep-ex",
      reportNumber   = "CERN-EP-2016-262",
      SLACcitation   = "%%CITATION = ARXIV:1612.01456;%%"
}

@article{ATLAS:muon-reco:2016,
      author         = "Aad, Georges and others",
      title          = "{Muon reconstruction performance of the ATLAS detector in
                        proton–proton collision data at $\sqrt{s}$ =13 TeV}",
      collaboration  = "ATLAS",
      journal        = "Eur. Phys. J.",
      volume         = "C76",
      year           = "2016",
      number         = "5",
      pages          = "292",
      doi            = "10.1140/epjc/s10052-016-4120-y",
      eprint         = "1603.05598",
      archivePrefix  = "arXiv",
      primaryClass   = "hep-ex",
      reportNumber   = "CERN-EP-2016-033",
      SLACcitation   = "%%CITATION = ARXIV:1603.05598;%%"
}

@techreport{ATLAS:tau-reco:2017,
      title         = "{Measurement of the tau lepton reconstruction and
                       identification performance in the ATLAS experiment using
                       $pp$ collisions at $\sqrt{s}=13~{\text{TeV}}$}",
      institution   = "CERN",
      collaboration = "ATLAS Collaboration",
      address       = "Geneva",
      number        = "ATLAS-CONF-2017-029",
      month         = "May",
      year          = "2017",
      reportNumber  = "ATLAS-CONF-2017-029",
      url           = "https://cds.cern.ch/record/2261772",
}

@article{ATLAS:tau-reco:2016,
      author         = "Aad, Georges and others",
      title          = "{Reconstruction of hadronic decay products of tau leptons
                        with the ATLAS experiment}",
      collaboration  = "ATLAS",
      journal        = "Eur. Phys. J.",
      volume         = "C76",
      year           = "2016",
      number         = "5",
      pages          = "295",
      doi            = "10.1140/epjc/s10052-016-4110-0",
      eprint         = "1512.05955",
      archivePrefix  = "arXiv",
      primaryClass   = "hep-ex",
      reportNumber   = "CERN-PH-EP-2015-294",
      SLACcitation   = "%%CITATION = ARXIV:1512.05955;%%"
}

@article{anti-kt,
      author         = "Cacciari, Matteo and Salam, Gavin P. and Soyez, Gregory",
      title          = "{The Anti-k(t) jet clustering algorithm}",
      journal        = "JHEP",
      volume         = "04",
      year           = "2008",
      pages          = "063",
      doi            = "10.1088/1126-6708/2008/04/063",
      eprint         = "0802.1189",
      archivePrefix  = "arXiv",
      primaryClass   = "hep-ph",
      reportNumber   = "LPTHE-07-03",
      SLACcitation   = "%%CITATION = ARXIV:0802.1189;%%"
}

@article{ATLAS:JVT:2016,
      author         = "Aad, Georges and others",
      title          = "{Performance of pile-up mitigation techniques for jets in
                        $pp$ collisions at $\sqrt{s}=8$  TeV using the ATLAS
                        detector}",
      collaboration  = "ATLAS",
      journal        = "Eur. Phys. J.",
      volume         = "C76",
      year           = "2016",
      number         = "11",
      pages          = "581",
      doi            = "10.1140/epjc/s10052-016-4395-z",
      eprint         = "1510.03823",
      archivePrefix  = "arXiv",
      primaryClass   = "hep-ex",
      reportNumber   = "CERN-PH-EP-2015-206",
      SLACcitation   = "%%CITATION = ARXIV:1510.03823;%%"
}

@techreport{ATLAS:btag:2017,
      title         = "{Optimisation and performance studies of the ATLAS
                       $b$-tagging algorithms for the 2017-18 LHC run}",
      institution   = "CERN",
      collaboration = "ATLAS Collaboration",
      address       = "Geneva",
      number        = "ATL-PHYS-PUB-2017-013",
      month         = "Jul",
      year          = "2017",
      reportNumber  = "ATL-PHYS-PUB-2017-013",
      url           = "https://cds.cern.ch/record/2273281",
}

@article{ATLAS:JES:2015,
      author         = "Aad, Georges and others",
      title          = "{Jet energy measurement and its systematic uncertainty in
                        proton-proton collisions at $\sqrt{s}=7$ TeV with the
                        ATLAS detector}",
      collaboration  = "ATLAS",
      journal        = "Eur. Phys. J.",
      volume         = "C75",
      year           = "2015",
      pages          = "17",
      doi            = "10.1140/epjc/s10052-014-3190-y",
      eprint         = "1406.0076",
      archivePrefix  = "arXiv",
      primaryClass   = "hep-ex",
      reportNumber   = "CERN-PH-EP-2013-222",
      SLACcitation   = "%%CITATION = ARXIV:1406.0076;%%"
}

@article{ATLAS:JES:2017,
      author         = "Aaboud, M. and others",
      title          = "{Jet energy scale measurements and their systematic
                        uncertainties in proton-proton collisions at $\sqrt{s} =
                        13$ TeV with the ATLAS detector}",
      collaboration  = "ATLAS",
      journal        = "Phys. Rev.",
      volume         = "D96",
      year           = "2017",
      number         = "7",
      pages          = "072002",
      doi            = "10.1103/PhysRevD.96.072002",
      eprint         = "1703.09665",
      archivePrefix  = "arXiv",
      primaryClass   = "hep-ex",
      reportNumber   = "CERN-EP-2017-038",
      SLACcitation   = "%%CITATION = ARXIV:1703.09665;%%"
}

@techreport{ATLAS:exMET-reco:2015,
      title         = "{Expected performance of missing transverse momentum
                       reconstruction for the ATLAS detector at $\sqrt{s}=
                       13~\text{TeV}$}",
      institution   = "CERN",
      address       = "Geneva",
      number        = "ATL-PHYS-PUB-2015-023",
      month         = "Jul",
      year          = "2015",
      reportNumber  = "ATL-PHYS-PUB-2015-023",
      url           = "https://cds.cern.ch/record/2037700",
}

@techreport{ATLAS:MET-reco:2015,
      title         = "{Performance of missing transverse momentum reconstruction
                       for the ATLAS detector in the first proton-proton
                       collisions at at $\sqrt s$= 13 TeV}",
      institution   = "CERN",
      address       = "Geneva",
      number        = "ATL-PHYS-PUB-2015-027",
      month         = "Jul",
      year          = "2015",
      reportNumber  = "ATL-PHYS-PUB-2015-027",
      url           = "https://cds.cern.ch/record/2037904",
}

@article{White:single-top,
  author={Chris D. White and Stefano Frixione and Eric Laenen and Fabio Maltoni},
  title={Isolating Wt production at the LHC},
  journal={Journal of High Energy Physics},
  volume={2009},
  number={11},
  pages={074},
  url={http://stacks.iop.org/1126-6708/2009/i=11/a=074},
  year={2009},
  abstract={We address the issue of single top production in association with a W boson at the Large Hadron Collider, in particular how to obtain an accurate description in the face of the top pair production background given that the two processes interfere with each other. We stress the advantages of an MC@NLO description, and find that for cuts used to isolate the signal, it makes sense to consider Wt as a well-defined production process in that the interference with t ##IMG## [http://ej.iop.org/icons/Entities/bart.gif] {bar t} production is small, and the cross-section of the former is above the scale variation uncertainty associated with the latter. We also consider the case where both Wt and t ##IMG## [http://ej.iop.org/icons/Entities/bart.gif] {bar t} production are backgrounds to a third process (Higgs boson production followed by decay to a W boson pair), and find in this context that interference issues can also be neglected. We discuss the generalization of our results to other situations, aided by a comparison between the MC@NLO approach and a calculation of the WWb ##IMG## [http://ej.iop.org/icons/Entities/barb.gif] {bar b} final state matched to a parton shower.}
}

@article{Einstein:special,
      author         = "Einstein, Albert",
      title          = "{On the electrodynamics of moving bodies}",
      journal        = "Annalen Phys.",
      volume         = "17",
      year           = "1905",
      pages          = "891-921",
      doi            = "10.1002/andp.200590006",
      note           = "[Annalen Phys.14,194(2005)]",
      SLACcitation   = "%%CITATION = ANPYA,17,891;%%"
}

@article{Schrodinger,
  title = {An Undulatory Theory of the Mechanics of Atoms and Molecules},
  author = {Schr\"odinger, E.},
  journal = {Phys. Rev.},
  volume = {28},
  issue = {6},
  pages = {1049--1070},
  numpages = {0},
  year = {1926},
  month = {Dec},
  publisher = {American Physical Society},
  doi = {10.1103/PhysRev.28.1049},
  url = {https://link.aps.org/doi/10.1103/PhysRev.28.1049}
}

@article{sr-tests-1,
  title = {Data tables for Lorentz and $CPT$ violation},
  author = {Kosteleck\'y, V. Alan and Russell, Neil},
  journal = {Rev. Mod. Phys.},
  volume = {83},
  issue = {1},
  pages = {11--31},
  numpages = {0},
  year = {2011},
  month = {Mar},
  publisher = {American Physical Society},
  doi = {10.1103/RevModPhys.83.11},
  url = {https://link.aps.org/doi/10.1103/RevModPhys.83.11}
}

@Article{sr-tests-2,
author="Mattingly, David",
title="Modern Tests of Lorentz Invariance",
journal="Living Reviews in Relativity",
year="2005",
month="Sep",
day="07",
volume="8",
number="1",
pages="5",
abstract="Motivated by ideas about quantum gravity, a tremendous amount of effort over the past decade has gone into testing Lorentz invariance in various regimes. This review summarizes both the theoretical frameworks for tests of Lorentz invariance and experimental advances that have made new high precision tests possible. The current constraints on Lorentz violating effects from both terrestrial experiments and astrophysical observations are presented.",
issn="1433-8351",
doi="10.12942/lrr-2005-5",
url="https://doi.org/10.12942/lrr-2005-5"
}

@article{sr-tests-3,
	doi = {10.1088/0264-9381/30/13/133001},
	url = {https://doi.org/10.1088%2F0264-9381%2F30%2F13%2F133001},
	year = 2013,
	month = {jun},
	publisher = {{IOP} Publishing},
	volume = {30},
	number = {13},
	pages = {133001},
	author = {S Liberati},
	title = {Tests of Lorentz invariance: a 2013 update},
	journal = {Classical and Quantum Gravity},
	abstract = {We present an updated review of Lorentz invariance tests in effective field theories (EFTs) in the matter as well as in the gravity sector. After a general discussion of the role of Lorentz invariance and a derivation of its transformations along the so-called von Ignatovski theorem, we present the dynamical frameworks developed within local EFT and the available constraints on the parameters governing the Lorentz breaking effects. In the end, we discuss two specific examples: the OPERA ‘affaire’ and the case of Hořava–Lifshitz gravity. The first case will serve as an example, and a caveat, of the practical application of the general techniques developed for constraining Lorentz invariance violation to a direct observation potentially showing these effects. The second case will show how the application of the same techniques to a specific quantum gravity scenario has far-reaching implications not foreseeable in a purely phenomenological EFT approach.}
}

@article{sr-tests-4,
	doi = {10.1063/1.881074},
	url = {https://doi.org/10.1063/1.881074},
	year = 1987,
	volume = {40},
	number = {5},
	pages = {69},
	author = {Mark P. Haugan, Clifford M. Will},
	title = {Modern Tests of Special Relativity},
	journal = {Physics Today}
}

@article{sr-tests-5,
title = "Limiting superluminal electron and neutrino velocities using the 2010 Crab Nebula flare and the IceCube PeV neutrino events",
journal = "Astroparticle Physics",
volume = "56",
pages = "16 - 18",
year = "2014",
issn = "0927-6505",
doi = "https://doi.org/10.1016/j.astropartphys.2014.02.007",
url = "http://www.sciencedirect.com/science/article/pii/S092765051400019X",
author = "Floyd W. Stecker",
keywords = "Lorentz invariance, Neutrino, Electron",
abstract = "The observation of two PeV-scale neutrino events reported by Ice Cube allows one to place constraints on Lorentz invariance violation (LIV) in the neutrino sector. After first arguing that at least one of the PeV IceCube events was of extragalactic origin, I derive an upper limit for the difference between putative superluminal neutrino and electron velocities of ⩽∼5.6×10-19 in units where c=1, confirming that the observed PeV neutrinos could have reached Earth from extragalactic sources. I further derive a new constraint on the superluminal electron velocity, obtained from the observation of synchrotron radiation from the Crab Nebula flare of September, 2010. The inference that the >1GeV γ-rays from synchrotron emission in the flare were produced by electrons of energy up to ∼5.1PeV indicates the non-occurrence of vacuum Ćerenkov radiation by these electrons. This implies a new, strong constraint on superluminal electron velocities δe⩽∼5×10-21. It immediately follows that one then obtains an upper limit on the superluminal neutrino velocity alone of δν⩽∼5.6×10-19, many orders of magnitude better than the time-of-flight constraint from the SN1987A neutrino burst. However, if the electrons are subluminal the constraint on |δe|⩽∼8×10-17, obtained from the Crab Nebula γ-ray spectrum, places a weaker constraint on superluminal neutrino velocity of δν⩽∼8×10-17."
}

@article{sr-tests-6,
  title = {Search for a Lorentz-violating sidereal signal with atmospheric neutrinos in IceCube},
  author = {Abbasi, R. and others},
  collaboration = {IceCube Collaboration},
  journal = {Phys. Rev. D},
  volume = {82},
  issue = {11},
  pages = {112003},
  numpages = {6},
  year = {2010},
  month = {Dec},
  publisher = {American Physical Society},
  doi = {10.1103/PhysRevD.82.112003},
  url = {https://link.aps.org/doi/10.1103/PhysRevD.82.112003}
}

@article{sr-tests-7,
  title = {Stringent constraint on neutrino Lorentz invariance violation from the two IceCube PeV neutrinos},
  author = {Borriello, Enrico and Chakraborty, Sovan and Mirizzi, Alessandro and Serpico, Pasquale Dario},
  journal = {Phys. Rev. D},
  volume = {87},
  issue = {11},
  pages = {116009},
  numpages = {4},
  year = {2013},
  month = {Jun},
  publisher = {American Physical Society},
  doi = {10.1103/PhysRevD.87.116009},
  url = {https://link.aps.org/doi/10.1103/PhysRevD.87.116009}
}

@book{thomson_2013, place={Cambridge}, title={Modern Particle Physics}, DOI={10.1017/CBO9781139525367}, publisher={Cambridge University Press}, author={Thomson, Mark}, year={2013}}

@article{halzen,
author = {Halzen,Francis  and Martin,Alan D.  and Mitra,Nilotpal },
title = {Quarks and Leptons: An Introductory Course in Modern Particle Physics},
journal = {American Journal of Physics},
volume = {53},
number = {3},
pages = {287-287},
year = {1985},
doi = {10.1119/1.14146},

URL = { 
        https://doi.org/10.1119/1.14146
    
},
eprint = { 
        https://doi.org/10.1119/1.14146
    
}

}

@article{w-ua1,
      author         = "Arnison, G. and others",
      title          = "{Experimental Observation of Isolated Large Transverse
                        Energy Electrons with Associated Missing Energy at
                        s**(1/2) = 540-GeV}",
      booktitle      = "{30 years of weak neutral currents}",
      collaboration  = "UA1",
      journal        = "Phys. Lett.",
      volume         = "B122",
      year           = "1983",
      pages          = "103-116",
      doi            = "10.1016/0370-2693(83)91177-2",
      note           = "[,611(1983)]",
      reportNumber   = "CERN-EP-83-13",
      SLACcitation   = "%%CITATION = PHLTA,B122,103;%%"
}

@article{z-ua1,
      author         = "Arnison, G. and others",
      title          = "{Experimental Observation of Lepton Pairs of Invariant
                        Mass Around 95-GeV/c**2 at the CERN SPS Collider}",
      booktitle      = "{30 years of weak neutral currents}",
      collaboration  = "UA1",
      journal        = "Phys. Lett.",
      volume         = "B126",
      year           = "1983",
      pages          = "398-410",
      doi            = "10.1016/0370-2693(83)90188-0",
      note           = "[,7.55(1983)]",
      reportNumber   = "CERN-EP-83-73",
      SLACcitation   = "%%CITATION = PHLTA,B126,398;%%"
}

@article{z-ua2,
      author         = "Bagnaia, P. and others",
      title          = "{Evidence for Z0 ---> e+ e- at the CERN anti-p p
                        Collider}",
      collaboration  = "UA2",
      journal        = "Phys. Lett.",
      volume         = "B129",
      year           = "1983",
      pages          = "130-140",
      doi            = "10.1016/0370-2693(83)90744-X",
      note           = "[,7.69(1983)]",
      reportNumber   = "CERN-EP-83-112",
      SLACcitation   = "%%CITATION = PHLTA,B129,130;%%"
}

@article{w-ua2,
      author         = "Banner, M. and others",
      title          = "{Observation of Single Isolated Electrons of High
                        Transverse Momentum in Events with Missing Transverse
                        Energy at the CERN anti-p p Collider}",
      collaboration  = "UA2",
      journal        = "Phys. Lett.",
      volume         = "B122",
      year           = "1983",
      pages          = "476-485",
      doi            = "10.1016/0370-2693(83)91605-2",
      note           = "[,7.45(1983)]",
      reportNumber   = "CERN-EP-83-25",
      SLACcitation   = "%%CITATION = PHLTA,B122,476;%%"
}

@article{wu-parity,
  title = {Experimental Test of Parity Conservation in Beta Decay},
  author = {Wu, C. S. and Ambler, E. and Hayward, R. W. and Hoppes, D. D. and Hudson, R. P.},
  journal = {Phys. Rev.},
  volume = {105},
  issue = {4},
  pages = {1413--1415},
  numpages = {0},
  year = {1957},
  month = {Feb},
  publisher = {American Physical Society},
  doi = {10.1103/PhysRev.105.1413},
  url = {https://link.aps.org/doi/10.1103/PhysRev.105.1413}
}

@article{cp-charm,
      author         = "Aaij, Roel and others",
      title          = "{Observation of CP Violation in Charm Decays}",
      collaboration  = "LHCb",
      journal        = "Phys. Rev. Lett.",
      volume         = "122",
      year           = "2019",
      number         = "21",
      pages          = "211803",
      doi            = "10.1103/PhysRevLett.122.211803",
      eprint         = "1903.08726",
      archivePrefix  = "arXiv",
      primaryClass   = "hep-ex",
      reportNumber   = "LHCb-PAPER-2019-006, CERN-EP-2019-042",
      SLACcitation   = "%%CITATION = ARXIV:1903.08726;%%"
}

@book{LEP,
      title         = "{LEP design report}",
      publisher     = "CERN",
      address       = "Geneva",
      year          = "1984",
      url           = "https://cds.cern.ch/record/102083",
      note          = "Copies shelved as reports in LEP, PS and SPS libraries",
}

@article{lhcb-loi,
      author         = "Dijkstra, H. and Hilke, Hans Jürgen and Nakada, Tatsuya
                        and Ypsilantis, Thomas",
      title          = "{LHCb Letter of Intent, LHCb Collaboration}",
      year           = "1995",
      reportNumber   = "LHCb-95-001, CERN-LHCb-95-001",
      SLACcitation   = "%%CITATION = LHCB-95-001;%%"
}

@article{ATLAS-loi,
      author         = "CERN",
      title          = "{ATLAS: Letter of intent for a general purpose p p
                        experiment at the large hadron collider at CERN}",
      year           = "1992",
      reportNumber   = "CERN-LHCC-92-04, CERN-LHCC-I-2",
      SLACcitation   = "%%CITATION = CERN-LHCC-92-04;%%"
}

@techreport{CMS-loi,
      author        = "Della Negra, M. and others",
      title         = "{CMS: letter of intent by the CMS Collaboration for a
                       general purpose detector at LHC}",
      institution   = "CERN",
      collaboration = "CMS Collaboration",
      address       = "Geneva",
      number        = "CERN-LHCC-92-003. LHCC-I-1",
      year          = "1992",
      reportNumber  = "CERN-LHCC-92-003",
      url           = "https://cds.cern.ch/record/290808",
      note          = "Open presentation to the LHCC 5 November 1992, M. Della
                       Negra/CERN, CMS Spokesman",
}

@book{TOTEM-loi,
      author        = "Kienzle, W and and others",
      title         = "{Total cross section: elastic scattering and diffraction
                       dissociation at the LHC}",
      publisher     = "CERN",
      collaboration = "TOTEM Collaboration",
      address       = "Geneva",
      series        = "Letter of Intent",
      year          = "1997",
      url           = "http://cds.cern.ch/record/335255",
}

@techreport{MoEDAL-loi,
      author        = "Giacomelli, G and Faust, A A and Pinfold, James L",
      title         = "{A search for highly ionizing particles and slow exotic
                       decays at the LHC using the MOEDAL detectors: letter of
                       intent}",
      institution   = "CERN",
      address       = "Geneva",
      number        = "CERN-LHCC-98-05. LHCC-I-19",
      month         = "Feb",
      year          = "1998",
      reportNumber  = "CERN-LHCC-98-05",
      url           = "https://cds.cern.ch/record/347906",
}

@techreport{ALICE-loi,
      title         = "{Letter of Intent for A Large Ion Collider Experiment
                       [ALICE]}",
      institution   = "CERN",
      collaboration = "ALICE Collaboration",
      address       = "Geneva",
      number        = "CERN-LHCC-93-016. LHCC-I-4",
      year          = "1993",
      reportNumber  = "CERN-LHCC-93-016",
      url           = "https://cds.cern.ch/record/290825",
}


@techreport{lhcf-loi,
      author        = "Adriani, O",
      title         = "{LHCf Letter of Intent for a p-Pb run. A precise study of
                       forward physics in $\sqrt{s_NN}$= 4.4 TeV proton-Lead ion
                       collisions with LHCf at the LHC}",
      institution   = "CERN",
      address       = "Geneva",
      number        = "CERN-LHCC-2011-015. LHCC-I-021",
      month         = "Dec",
      year          = "2011",
      reportNumber  = "CERN-LHCC-2011-015",
      url           = "https://cds.cern.ch/record/1404163",
}

@article{hilumi-tdr,
      author         = "Bejar Alonso, I. and Rossi, L.",
      title          = "{HiLumi LHC Technical Design Report}",
      year           = "2015",
      reportNumber   = "CERN-ACC-2015-0140",
      SLACcitation   = "%%CITATION = CERN-ACC-2015-0140;%%"
}

@Book{Eiffel-weight,
 author = {Hanser, David},
 title = {Architecture of France},
 publisher = {Greenwood Press},
 year = {2006},
 address = {Westport, Conn},
 isbn = {978-0-313-31902-0}
 }

@techreport{itk-scanner,
      author        = "Charman, Thomas Paul and Hommels, Bart and Bevan, Adrian
                       John",
      title         = "{Authorship Qualification Task: ATLAS ITk Sensor Scanner
                       Documentation (QMUL)}",
      institution   = "CERN",
      address       = "Geneva",
      number        = "ATL-COM-ITK-2019-018",
      month         = "Jan",
      year          = "2019",
      reportNumber  = "ATL-COM-ITK-2019-018",
      url           = "https://cds.cern.ch/record/2674404",
}

@article{itk-tdr,
      author        = "Brueers, Ben",
      title         = "{The design and layout of the Phase-II upgrade of the
                       Inner tracker of the ATLAS experiment}",
      collaboration = "ATLAS Collaboration",
      month         = "Jul",
      year          = "2019",
      reportNumber  = "ATL-ITK-SLIDE-2019-306",
      url           = "https://cds.cern.ch/record/2681301",
}

@article{itk-strips-tdr,
      author        = "Keller, John Stakely",
      title         = "{The ATLAS ITk Strip Detector System for the Phase-II LHC
                       Upgrade}",
      collaboration = "ATLAS Collaboration",
      month         = "Feb",
      year          = "2019",
      reportNumber  = "ATL-ITK-SLIDE-2019-058",
      url           = "https://cds.cern.ch/record/2663172",
}

@article{vhbb-obs,
      author         = "Aaboud, Morad and others",
      title          = "{Observation of $H \rightarrow b\bar{b}$ decays and $VH$
                        production with the ATLAS detector}",
      collaboration  = "ATLAS",
      journal        = "Phys. Lett.",
      volume         = "B786",
      year           = "2018",
      pages          = "59-86",
      doi            = "10.1016/j.physletb.2018.09.013",
      eprint         = "1808.08238",
      archivePrefix  = "arXiv",
      primaryClass   = "hep-ex",
      reportNumber   = "CERN-EP-2018-215",
      SLACcitation   = "%%CITATION = ARXIV:1808.08238;%%"
}

@article{Noether_1971,
   title={Invariant variation problems},
   volume={1},
   ISSN={1532-2424},
   url={http://dx.doi.org/10.1080/00411457108231446},
   DOI={10.1080/00411457108231446},
   number={3},
   journal={Transport Theory and Statistical Physics},
   publisher={Informa UK Limited},
   author={Noether, Emmy},
   year={1971},
   month={Jan},
   pages={186–207}
}